<record><leader>00000cas a22000007a 4500</leader><controlfield tag="001">13451862</controlfield><controlfield tag="008">860418d18301837pauwr ne      0    0eng d</controlfield><controlfield tag="009">5601</controlfield><datafield ind1=" " ind2=" " tag="010"><subfield code="a">sn 86081721 </subfield></datafield><datafield ind1=" " ind2=" " tag="040"><subfield code="a">NPH</subfield><subfield code="b">eng</subfield><subfield code="c">NPH</subfield><subfield code="d">NPX</subfield><subfield code="d">DLC</subfield><subfield code="d">MGN</subfield><subfield code="d">CNK</subfield><subfield code="d">DLC</subfield><subfield code="d">OCLCF</subfield></datafield><datafield ind1="1" ind2=" " tag="029"><subfield code="a">AU@</subfield><subfield code="b">000025817201</subfield></datafield><datafield ind1=" " ind2=" " tag="042"><subfield code="a">msc</subfield></datafield><datafield ind1=" " ind2=" " tag="043"><subfield code="a">n-us-pa</subfield></datafield><datafield ind1="0" ind2="0" tag="050"><subfield code="a">Newspaper</subfield></datafield><datafield ind1="0" ind2=" " tag="130"><subfield code="a">Miners' journal (Pottsville, Pa. : 1830)</subfield></datafield><datafield ind1="1" ind2="4" tag="245"><subfield code="a">The miners' journal.</subfield></datafield><datafield ind1=" " ind2=" " tag="260"><subfield code="a">Pottsville, Pa. :</subfield><subfield code="b">Benjamin Bannan,</subfield><subfield code="c">1830-</subfield></datafield><datafield ind1=" " ind2=" " tag="300"><subfield code="a">v. :</subfield><subfield code="b">ill. (chiefly advertisements) ;</subfield><subfield code="c">52 cm.</subfield></datafield><datafield ind1=" " ind2=" " tag="310"><subfield code="a">Weekly</subfield></datafield><datafield ind1="0" ind2=" " tag="362"><subfield code="a">Vol. 3, no. 32 (June 26, 1830)-</subfield></datafield><datafield ind1="1" ind2=" " tag="362"><subfield code="a">Ceased in 1837.</subfield></datafield><datafield ind1=" " ind2=" " tag="515"><subfield code="a">Issued on a reduced half sheet, Jan. 5, 1833.</subfield></datafield><datafield ind1=" " ind2=" " tag="530"><subfield code="a">Available on microfilm from Microfilm Corp. of Pa.</subfield></datafield><datafield ind1=" " ind2="0" tag="651"><subfield code="a">Pottsville (Pa.)</subfield><subfield code="v">Newspapers.</subfield></datafield><datafield ind1=" " ind2="7" tag="655"><subfield code="a">Newspapers.</subfield><subfield code="2">fast</subfield><subfield code="0">(OCoLC)fst01423814</subfield></datafield><datafield ind1=" " ind2="7" tag="651"><subfield code="a">Pennsylvania</subfield><subfield code="z">Pottsville.</subfield><subfield code="2">fast</subfield><subfield code="0">(OCoLC)fst01223364</subfield></datafield><datafield ind1=" " ind2=" " tag="752"><subfield code="a">United States</subfield><subfield code="b">Pennsylvania</subfield><subfield code="c">Schuylkill</subfield><subfield code="d">Pottsville.</subfield></datafield><datafield ind1="0" ind2="0" tag="780"><subfield code="t">Miners' journal, and Schuylkill coal &amp; navigation register</subfield><subfield code="w">(DLC)sn 86081720</subfield></datafield><datafield ind1="0" ind2="0" tag="785"><subfield code="t">Miners' journal, and Pottsville general advertiser</subfield><subfield code="w">(DLC)sn 84026251</subfield></datafield></record>